<record xmlns="http://www.loc.gov/MARC21/slim" xmlns:xsi="http://www.w3.org/2001/XMLSchema-instance" xsi:schemaLocation="http://www.loc.gov/MARC21/slim http://www.loc.gov/standards/marcxml/schema/MARC21slim.xsd"><leader>00037nz   2200037n  4500</leader><controlfield tag="001">DNB|10240030X</controlfield><controlfield tag="003">DNB</controlfield><controlfield tag="005">20080405190908.0</controlfield><controlfield tag="008">930416n||aznnnabbn           | aaa    |c</controlfield><datafield ind1=" " ind2=" " tag="035"><subfield code="a">(DE-101)10240030X</subfield></datafield><datafield ind1=" " ind2=" " tag="035"><subfield code="a">(DE-588a)10240030X</subfield></datafield><datafield ind1=" " ind2=" " tag="040"><subfield code="a">DE-12</subfield><subfield code="b">ger</subfield><subfield code="c">DE-101</subfield><subfield code="e">rakwb</subfield><subfield code="d">9999</subfield></datafield><datafield ind1=" " ind2=" " tag="079"><subfield code="a">p</subfield><subfield code="q">f</subfield><subfield code="q">p</subfield><subfield code="t">12-PAN</subfield></datafield><datafield ind1="0" ind2=" " tag="100"><subfield code="a">Nestor</subfield><subfield code="c">Larandensis</subfield><subfield code="d">2./3. Jh. n. Chr.</subfield></datafield><datafield ind1="0" ind2=" " tag="400"><subfield code="a">Nestor</subfield><subfield code="c">von Laranda</subfield><subfield code="d">2./3. Jh. n. Chr.</subfield></datafield><datafield ind1="0" ind2=" " tag="400"><subfield code="a">Nestor</subfield><subfield code="c">Epicus</subfield><subfield code="d">2./3. Jh. n. Chr.</subfield></datafield><datafield ind1="0" ind2=" " tag="400"><subfield code="a">Nestor</subfield><subfield code="c">Epigrammaticus</subfield><subfield code="d">2./3. Jh. n. Chr.</subfield></datafield><datafield ind1="1" ind2=" " tag="400"><subfield code="a">Nestor, Septimius</subfield><subfield code="d">2./3. Jh. n. Chr.</subfield></datafield><datafield ind1="1" ind2=" " tag="400"><subfield code="a">Nestor, Lucius Septimius</subfield><subfield code="d">2./3. Jh. n. Chr.</subfield></datafield><datafield ind1="0" ind2=" " tag="400"><subfield code="a">Nestor</subfield><subfield code="c">Epischer Dichter</subfield><subfield code="d">2./3. Jh. n. Chr.</subfield></datafield><datafield ind1="0" ind2=" " tag="400"><subfield code="a">Nestor</subfield><subfield code="c">Vater des Dichters Peisandros</subfield><subfield code="d">2./3. Jh. n. Chr.</subfield></datafield><datafield ind1="0" ind2=" " tag="400"><subfield code="a">Nestore</subfield><subfield code="c">di Laranda</subfield><subfield code="d">2./3. Jh. n. Chr.</subfield></datafield><datafield ind1="0" ind2=" " tag="400"><subfield code="a">Nestore</subfield><subfield code="c">Poeta Epico</subfield><subfield code="d">2./3. Jh. n. Chr.</subfield></datafield><datafield ind1="1" ind2=" " tag="400"><subfield code="a">Septimius Nestor, Lucius</subfield><subfield code="d">2./3. Jh. n. Chr.</subfield></datafield><datafield ind1=" " ind2=" " tag="549"><subfield code="w">i</subfield><subfield code="i">Lebensdaten</subfield><subfield code="a">2./3. Jh. n. Chr.</subfield></datafield><datafield ind1=" " ind2=" " tag="678"><subfield code="a">AP 9.128,129,364,537</subfield></datafield><datafield ind1=" " ind2=" " tag="996"><subfield code="2">LC|n  83197931</subfield></datafield><datafield ind1=" " ind2=" " tag="996"><subfield code="2">SELIBR|311236</subfield></datafield><datafield ind1=" " ind2=" " tag="996"><subfield code="2">BNF|11295827</subfield></datafield><datafield ind1=" " ind2=" " tag="996"><subfield code="2">LC|n 2003114977</subfield></datafield><datafield ind1=" " ind2=" " tag="996"><subfield code="2">BAV|ADV11437450</subfield></datafield><datafield ind1=" " ind2=" " tag="996"><subfield code="2">BNF|11917561</subfield></datafield><datafield ind1=" " ind2=" " tag="996"><subfield code="2">PICA|074078313</subfield></datafield><datafield ind1=" " ind2=" " tag="996"><subfield code="2">PICA|070166862</subfield></datafield><datafield ind1=" " ind2=" " tag="996"><subfield code="2">BNF|13984466</subfield></datafield><datafield ind1=" " ind2=" " tag="996"><subfield code="2">LC|n  88002165</subfield></datafield></record>